<record><leader>00000cas a22000007a 4500</leader><controlfield tag="001">9285881</controlfield><controlfield tag="008">830307d18651876mauwr ne      0    0eng d</controlfield><controlfield tag="009">3768</controlfield><datafield ind1=" " ind2=" " tag="010"><subfield code="a">sn 83020181 </subfield></datafield><datafield ind1=" " ind2=" " tag="040"><subfield code="a">NPX</subfield><subfield code="b">eng</subfield><subfield code="c">NPX</subfield><subfield code="d">NPU</subfield><subfield code="d">NPY</subfield><subfield code="d">DLC</subfield><subfield code="d">MGN</subfield><subfield code="d">CRL</subfield><subfield code="d">OCLCA</subfield><subfield code="d">OCLCF</subfield></datafield><datafield ind1="1" ind2=" " tag="029"><subfield code="a">AU@</subfield><subfield code="b">000025788464</subfield></datafield><datafield ind1=" " ind2=" " tag="042"><subfield code="a">msc</subfield></datafield><datafield ind1="0" ind2="0" tag="050"><subfield code="a">Newspaper 8160-X</subfield></datafield><datafield ind1="0" ind2="0" tag="245"><subfield code="a">Danvers monitor.</subfield></datafield><datafield ind1=" " ind2=" " tag="260"><subfield code="a">Danvers, Mass. :</subfield><subfield code="b">Charles D. Howard,</subfield></datafield><datafield ind1=" " ind2=" " tag="300"><subfield code="a">v.</subfield></datafield><datafield ind1=" " ind2=" " tag="310"><subfield code="a">Weekly</subfield></datafield><datafield ind1="0" ind2=" " tag="362"><subfield code="a">Vol. 1, no. 1 (Jan. 4, 1865)-v. 12, no. 53 (Dec. 27, 1876).</subfield></datafield><datafield ind1=" " ind2="0" tag="651"><subfield code="a">Danvers (Mass.)</subfield><subfield code="v">Newspapers.</subfield></datafield><datafield ind1=" " ind2="7" tag="655"><subfield code="a">Newspapers.</subfield><subfield code="2">fast</subfield><subfield code="0">(OCoLC)fst01423814</subfield></datafield><datafield ind1=" " ind2="7" tag="651"><subfield code="a">Massachusetts</subfield><subfield code="z">Danvers.</subfield><subfield code="2">fast</subfield><subfield code="0">(OCoLC)fst01212770</subfield></datafield><datafield ind1=" " ind2=" " tag="752"><subfield code="a">United States</subfield><subfield code="b">Massachusetts</subfield><subfield code="c">Essex</subfield><subfield code="d">Danvers.</subfield></datafield><datafield ind1="0" ind2="4" tag="785"><subfield code="t">Peabody press (Peabody, Mass. : 1868)</subfield><subfield code="w">(DLC)sn 83020240</subfield></datafield></record>